<?xml version="1.0" encoding="UTF-8"?><collection xmlns="http://www.loc.gov/MARC21/slim"><record><leader>00515nam--2200181-u-4500</leader><controlfield tag="001">000056725</controlfield><controlfield tag="002">20170201</controlfield><controlfield tag="005">20170201150257</controlfield><controlfield tag="008">170201s1000------------r-----000-0-eng-d</controlfield><datafield ind1=" " ind2=" " tag="040"><subfield code="a">IFIN-HH</subfield></datafield><datafield ind1="0" ind2=" " tag="041"><subfield code="a">eng</subfield></datafield><datafield ind1=" " ind2=" " tag="080"><subfield code="a">53</subfield></datafield><datafield ind1="1" ind2=" " tag="100"><subfield code="a">Dassonville, Patrice F</subfield></datafield><datafield ind1="1" ind2="0" tag="245"><subfield code="a">The Invention of Time and Space</subfield><subfield code="b">Origins, Definitions, Nature, Properties</subfield><subfield code="c">Patrice F. Dassonville</subfield></datafield><datafield ind1=" " ind2=" " tag="260"><subfield code="a">Cham, Switzerland</subfield><subfield code="b">Springer Nature</subfield><subfield code="c">2017</subfield></datafield><datafield ind1=" " ind2=" " tag="300"><subfield code="a">xvii+176p</subfield></datafield><datafield ind1=" " ind2=" " tag="852"><subfield code="a">82442</subfield><subfield code="c">53.01</subfield></datafield><datafield ind1=" " ind2=" " tag="CAT"><subfield code="a">SYS</subfield><subfield code="c">20170201</subfield><subfield code="h">150257</subfield></datafield></record></collection>